

@misc{WinNT,
	author       = {Robert Kisteleki}, 
	title        = {{RIPE} {A}tlas Probes as {I}o{T} Devices},
	howpublished = {URL: \url{https://labs.ripe.net/Members/kistel/ripe-atlas-probes-as-iot-devices}},
	year         = 2017,
	note         = {(consulté le $ 21/12/2017 $)}
}


@online{geoip,
	author = {},
	title = {GeoIP2},
	note={https://www.maxmind.com/fr/geoip-demo, accédé le 05-03-2018}
}


@article{Bajpai:2015:LLU:2805789.2805796,
	author = {Bajpai, Vaibhav and Eravuchira, Steffie Jacob and Sch\"{o}nw\"{a}lder, J\"{u}rgen},
	title = {Lessons Learned From Using the RIPE Atlas Platform for Measurement Research},
	journal = {SIGCOMM Comput. Commun. Rev.},
	issue_date = {July 2015},
	volume = {45},
	number = {3},
	month = jul,
	year = {2015},
	issn = {0146-4833},
	pages = {35--42},
	numpages = {8},
	url = {http://doi.acm.org/10.1145/2805789.2805796},
	doi = {10.1145/2805789.2805796},
	acmid = {2805796},
	publisher = {ACM},
	address = {New York, NY, USA},
	keywords = {access networks, ripe atlas},
} 


 @misc{attack-traffic-towards-k-root,
 	author       = { {Service announcements - RIPE NCC} }, 
 	title        = {{Attack traffic towards K-root DNS service}},
 	howpublished = {URL~: \url{https://www.ripe.net/support/service-announcements/service-announcements/attack-traffic-towards-k-root-dns-service}},
 	year         = 2016,
 	note         = {(consulté le $ 11/08/2018$)}
 }

@misc{CAIDA,

	title        = {{Center for Applied Internet Data Analysis (CAIDA)}},
	howpublished = {URL~: \url{http://www.caida.org/}},
	note         = {(consulté le $ 06/04/2018$)}
}


@misc{TTM,
	author       = {{RIPE NCC}}, 
	title        = {{T}est {T}raffic {M}easurement {S}ervice ({TTM})},
	howpublished = {URL~: \url{https://www.ripe.net/analyse/archived-projects/ttm}},
	note         = {(consulté le $14/01/2018$)}
}
@online{TRACEROUTE,
	title = {traceroute},
	url = {https://fr.wikipedia.org/wiki/Traceroute},
	note={accédé le 14-01-2018}
}

@online{ripe-ncc,
	title = {RIPE NCC},
	note={https://www.ripe.net/, accédé le 04-04-2018}
}


@online{FTP-ATLAS-DATA,
	title = {},
	url = {https://ftp.ripe.net/atlas\_data/},
	note={https://ftp.ripe.net/atlas\_data/}
}
@misc{openipmap,
	author = {Emile Aben},
	title = {OpenIPMap},
	year = {2014},
	publisher = {GitHub},
	journal = {GitHub repository},
	howpublished = {\url{https://github.com/RIPE-Atlas-Community/openipmap.git}},
	commit = {fa71c57e3662670a27aa1b01247df6e2d65c954e}
}



@online{team-cymru,
	ALTauthor = {author},
	ALTeditor = {editor},
	title = {Team Cymru},
	date = {date},
	url = {https://www.team-cymru.com/},
	note= {https://www.team-cymru.com/}
}

@book{Unravelling-Internet,
	author = {J.P. Van Best },
	title = {Unravelling Internet Infrastructure},
	date = {2005},
	OPTsubtitle = {Detecting problem areas in the Internet infrastructure
	using end-to-end measurements and delay tomography},

}

@inproceedings{anant-shah,
	author = {Shah, Anant and Fontugne, Romain and Papadopoulos, Christos},
	title = {Towards Characterizing International Routing Detours},
	booktitle = {Proceedings of the 12th Asian Internet Engineering Conference (AINTEC)},
	year = {2016},
	month = nov,
	sortdate = {2016-11-30},
	project = {ant, lacrend, retrofuture},
	pages = {to appear},
	address = {Bangkok, Thailand},
	publisher = {ACM},
	location = {johnh: pafile},
	keywords = {routing detours, bgp, bgpmon}
}
@online{anant-shah-,
	ALTauthor = {Emile Aben },
	title = {Using RIPE Atlas to Validate International Routing Detours},
	date = { 30 Jan 2017  },
	url = {https://labs.ripe.net/Members/anant\_shah/using-ripe-atlas-to-validate-international-routing-detours},
	note = {https://labs.ripe.net/Members/anant\_shah/using-ripe-atlas-to-validate-international-routing-detours},
}



@misc{Emile-Aben-IXP-countries,
	author       = {Emile Aben}, 
	title        = {{Measuring Countries and IXPs with RIPE Atlas}},
	howpublished = {URL~: \url{https://labs.ripe.net/Members/emileaben/measuring-ixps-with-ripe-atlas}},
year         = 2015,
note         = {(consulté le $08/08/2018$)}
}
@misc{PROBEAPI,
	author       = {{S}peed {C}hecker}, 
	title        = {{G}lobal {I}nternet testing - {P}robe{API}},
	howpublished = {URL~: \url{http://probeapi.speedchecker.xyz/}},
	note         = {(consulté le $06/08/2018$)}
}





@misc{COMPARE-ATLAS-PROBEAPI,
	author       = {Cristian Varas}, 
	title        = {{A Practical Comparison Between RIPE Atlas and ProbeAPI}},
	howpublished = {URL~: \url{https://labs.ripe.net/Members/cristian_varas/a-practical-comparison-between-ripe-atlas-and-probeapi}},
	year         = 2016,
	note         = {(consulté le $ 19/01/2018 $)}
}


 @misc{InternetHealthReport,
 	author       = {Romain Fontugne}, 
 	title        = {{InternetHealthReport - tartiflette}},
 	howpublished = {URL~: \url{https://github.com/InternetHealthReport/tartiflette/tree/master/dataManipulation}},
 	year         = ,
 	note         = {(consulté le $ 2/02/2018$)}
 }


@misc{FANOU-Roderick,
	author       = {Fanou Roderick}, 
	title        = {{On the Diversity of Interdomain Routing in Africa}},
	howpublished = {URL~: \url{https://labs.ripe.net/Members/fanou\_roderick/on-the-diversity-of-interdomain-routing-in-africa}},
	year         =2015 ,
	note         = {(consulté le $11/01/2018$)}
}

@online{Andreas-Strikos,
	ALTauthor = {Andreas Strikos},
	ALTeditor = {editor},
	title = {Amsterdam Power Outage as Seen by RIPE Atlas},
	date = {2015},
	url = {https://labs.ripe.net/Members/andreas\_strikos/amsterdam-power-outage-as-seen-by-ripe-atlas},
	note = {https://labs.ripe.net/Members/andreas\_strikos/amsterdam-power-outage-as-seen-by-ripe-atlas}
}




@misc{Robert-Kisteleki,
	author       = {Robert Kisteleki}, 
	title        = {{The AMS-IX Outage as Seen with RIPE Atlas}},
	howpublished = {URL~: \url{https://labs.ripe.net/Members/kistel/the-ams-ix-outage-as-seen-with-ripe-atlas}},
	year         = 2015,
	note         = {(consulté le $23/01/2018$)}
}


@misc{Wikipedia,
	author       = {Emile Aben}, 
	title        = {{How RIPE Atlas Helped Wikipedia Users}},
	howpublished = {URL~: \url{https://labs.ripe.net/Members/emileaben/how-ripe-atlas-helped-wikipedia-users}},
	year         = 2014,
	note         = {(consulté le $ 18/08/2018 $)}
}
@inproceedings {Collin-Anderson,
	author = {Collin Anderson and Philipp Winter and Roya},
	title = {Global Network Interference Detection Over the {RIPE} Atlas Network},
	booktitle = {4th {USENIX} Workshop on Free and Open Communications on the Internet ({FOCI} 14)},
	year = {2014},
	address = {San Diego, CA},
	url = {https://www.usenix.org/conference/foci14/workshop-program/presentation/anderson},
	publisher = {{USENIX} Association},
}



@online{Time-Warner-Cable-Outage,
	ALTauthor = {},
	title = {Time Warner Cable Outage},
	date = {},
	url = {https://labs.ripe.net/Members/emileaben/time-warner-cable-outage},
	note = {https://labs.ripe.net/Members/emileaben/time-warner-cable-outage}
}



@misc{Salim-Gasmi,
	author       = {Salim Gasmi}, 
	title        = {{Visualising RIPE Atlas Anchor Measurements}},
	howpublished = {URL~: \url{https://labs.ripe.net/Members/salim_gasmi/visualising-ripe-atlas-anchor-measurements} },
	year         =2015 ,
	note         = {(consulté le $08/08/2018$)}
}

@online{Outages,
	ALTauthor = {Emile Aben},
	title = {Visualising Network Outages With RIPE Atlas},
	date = {2015},
	url = {https://labs.ripe.net/Members/emileaben/visualising-network-outages-with-ripe-atlas},
	note = {https://labs.ripe.net/Members/emileaben/visualising-network-outages-with-ripe-atlas}
}
@online{DataViz-Hackathon,
	ALTauthor = {Vesna Manojlovic},
	title = {RIPE Atlas DataViz Hackathon Results},
	date = {10 Apr 2015 },
	url = {https://labs.ripe.net/Members/becha/ripe-atlas-hackathon-results},
	note = {https://labs.ripe.net/Members/becha/ripe-atlas-hackathon-results}
}




@misc{Traceroute-consistency-check,
	author       = {Valentino Di Donato}, 
	title        = {{Traceroute Consistency Check}},
	howpublished = {URL~: \url{https://github.com/vdidonato/Traceroute-consistency-check}},
	year         = 2015,
	note         = { (Consulté le $08/08/2018$)}
}



@online{seeweb,
	ALTauthor = {Valentino Di Donato},
	title = {seeweb\_frosinone\_all\_italy\_traceroutes },
	date = {},
	url = {},
	note = {https://atlas.ripe.net/measurements/1663314/}
}


@online{RIPE-Atlas-sbucket,
	ALTauthor = {A},
	title = {Spatial Bucketing of RIPE Atlas Probes on Map Projection},
	date = {},
	url = {https://github.com/cod3monk/RIPE-Atlas-sbucket},
	note = {https://github.com/cod3monk/RIPE-Atlas-sbucket}
}

@online{RIPE-Map,
	ALTauthor = {},
	title = {RIPE Map},
	date = {},
	url = {
	https://github.com/opendatacity/ripe-map},
	note = {
	https://github.com/opendatacity/ripe-map}
}

@online{ripe-hackathon-disco,
	ALTauthor = {},
	title = {Disco - Appetite for Disconnection},
	date = {},
	url = {https://github.com/merlijntishauser/ripe-hackathon-disco},
	note = {https://github.com/merlijntishauser/ripe-hackathon-disco}
}



@misc{bgp-traceroutes,
	author       = {Jelle Herold}, 
	title        = {{BGP + Traceroute using RIPE NCC Atlas}},
	howpublished = {URL~: \url{https://github.com/wires/bgp-traceroutes}},
	year         = 2015,
	note         = {consulté le $08/08/2018$}
}

@online{Zeerover-DNS,
	ALTauthor = {},
	title = {Zeerover DNS},
	date = {},
	url = {https://github.com/USC-NSL/RIPE2015HackAThon},
	note = {https://github.com/USC-NSL/RIPE2015HackAThon}
}


@misc{bam,
	author       = {Guillaume Valadon, Francois Contat, Mathias Handsche  and Thomas Holterbach}, 
	title        = {{BGP Atlas Monito (BAM)}},
	howpublished = {URL~: \url{https://github.com/guedou/bam}},
	year         = 2015,
	note         = {(consulté le $08/08/2018$)}
}
@online{ripe-atlas-probedis,
	ALTauthor = {},
	title = {Probe Streams},
	date = {},
	url = {https://github.com/vinayakh/ripe-atlas-probedis},
	note = {https://github.com/vinayakh/ripe-atlas-probedis}
}



@online{ninjaX-tracerouting,
	ALTauthor = {},
	title = {YIN-YANG ninjaX tracerouting},
	date = {},
	url = {https://github.com/bigzaqui/yinyang},
	note = {https://github.com/bigzaqui/yinyang}
}
@online{asn-tryst,
	ALTauthor = {},
	title = {ASN Tryst},
	date = {},
	url = {https://github.com/dk379/asn-tryst},
	note = {https://github.com/dk379/asn-tryst}
}

@online{ripe-atlas-shrugd,
	ALTauthor = {},
	title = {RIPE Atlas Shrugd},
	date = {},
	url = {https://github.com/shane-kerr/ripe-atlas-shrugd},
	note = {https://github.com/shane-kerr/ripe-atlas-shrugd}
}
@online{ripe-atlas-halo,
	ALTauthor = {},
	title = {RIPE Atlas Halo},
	date = {},
	url = {https://github.com/RIPE-Atlas-Community/ripe-atlas-halo},
	note = {https://github.com/RIPE-Atlas-Community/ripe-atlas-halo}
}
@online{ripe-atlas-halo-presentation,
	ALTauthor = {},
	title = {Présentation du RIPE Atlas Halo},
	date = {},
	url = {https://ripe72.ripe.net/wp-content/uploads/presentations/78-ripe-atlas-halo.pdf},
	note = {https://ripe72.ripe.net/wp-content/uploads/presentations/78-ripe-atlas-halo.pdf}
}

@online{euro-ix-json-schemas,
	ALTauthor = {},
	title = {IX-F Member Export JSON Schema},
	date = {},
	url = {https://github.com/euro-ix/json-schemas},
	note = {https://github.com/euro-ix/json-schemas}
}
@online{inex-ixp-as,
	ALTauthor = {},
	title = {IXP Asymmetric Routing Detector},
	date = {},
	url = {https://github.com/inex/ixp-as},
	note = {https://github.com/inex/ixp-as}
}

@article{DBLP:journals/corr/WardB13a,
	author    = {Jonathan Stuart Ward and
	Adam Barker},
	title     = {Undefined By Data: {A} Survey of Big Data Definitions},
	journal   = {CoRR},
	volume    = {abs/1309.5821},
	year      = {2013},
	url       = {http://arxiv.org/abs/1309.5821},
	archivePrefix = {arXiv},
	eprint    = {1309.5821},
	timestamp = {Wed, 07 Jun 2017 14:42:29 +0200},
	biburl    = {https://dblp.org/rec/bib/journals/corr/WardB13a},
	bibsource = {dblp computer science bibliography, https://dblp.org}
}
@online{tartiflette,
	ALTauthor = {},
	title = {Near Real-Time Anomaly Detection from RIPE Atlas Stream},
	date = {},
	url = {https://github.com/4a616d6573205265696c6c79/tartiflette},
	note = {https://github.com/4a616d6573205265696c6c79/tartiflette}
}
@online{IP-traceroute-explorer-master,
	ALTauthor = {},
	title = {Dual Stack IP Path comparison},
	date = {},
	url = {https://github.com/NZRS/IP-traceroute-explorer},
	note = {https://github.com/NZRS/IP-traceroute-explorer}
}


@online{IP-traceroute-explorer-dualtraceipmap,
	ALTauthor = {},
	title = {Geocoded IPv4/IPv6 traceroutes, branche dualtraceipmap },
	date = {},
	url = {https://github.com/NZRS/IP-traceroute-explorer/tree/dualtraceipmap},
	note = {https://github.com/NZRS/IP-traceroute-explorer/tree/dualtraceipmap}
}
@online{atlas-routing-quality,
	ALTauthor = {},
	title = { Estimate BGP routing "quality" with RIPE Atlas probes},
	date = {},
	url = {https://github.com/mino98/atlas-routing-quality},
	note = {https://github.com/mino98/atlas-routing-quality}
}

@online{tartiflette,
	ALTauthor = {},
	title = {},
	date = {},
	url = {https://github.com/romain-fontugne/tartiflette},
	note = {https://github.com/romain-fontugne/tartiflette}
}

@online{probe-lifetimes,
	ALTauthor = {},
	title = {A Visual Impression of Probe Lifetimes},
	date = {},
	url = {https://labs.ripe.net/Members/philip\_homburg/a-visual-impression-of-probe-lifetimes},
	note = {https://labs.ripe.net/Members/philip\_homburg/a-visual-impression-of-probe-lifetimes}
}



@misc{course-BigData,
	author       = {Stéphane Vialle }, 
	title        = {{Big Data : Informatique pour les données et calculs massifs}},
	howpublished = {URL~: \url{http://www.metz.supelec.fr/metz/personnel/vialle/course/BigData-2A-CS/poly-pdf/Poly-chap1.pdf}},
	year         = 2018,
	note         = {(consulté le $09/04/2018$)}
}

@misc{hadoop,
	author       = {Stéphane Vialle }, 
	title        = {{Chapitre 5, Technologie de l'écosystème d'Hadoop}},
	howpublished = {URL~: \url{http://www.metz.supelec.fr/metz/personnel/vialle/course/BigData-2A-CS/poly-pdf/Poly-chap5.pdf}},
year         = 2018,
note         = {(consulté le $04/08/2018$)}
}


@online{RIPE-ATLAS,
	ALTauthor = {},
	title = {Probe Tags},
	date = {},
	url = {https://atlas.ripe.net/},
	note = {https://atlas.ripe.net/}
}


@misc{probe-tags,
	author       = {Emile Aben}, 
	title        = {{Probe Atlas Tags}},
	howpublished = {URL~: \url{https://atlas.ripe.net/docs/probe-tags/}},
	note         = {(consulté le $23/01/2018$)}
}



@misc{create-UDM,
	title        = {{Create a New Measurement - RIPE Atlas}},
	howpublished = {URL~: \url{https://atlas.ripe.net/measurements/form/}},
	note         = { consulté le $05/08/2018$}
}

@online{ripe-atlas-data-old,
	title = {Le dépôt des données RIPE Atlas},
	note = {https://ftp.ripe.net/ripe/atlas/, accédé le $ 04/04/2018 $}
}



@misc{ripe-atlas-data,
	title        = {Le dépôt des données {RIPE} {A}tlas},
	howpublished = {URL : \url{https://data-store.ripe.net/datasets/atlas-daily-dumps/}},
	note         = {(consulté le $ 26/07/2018 $)}
}


@online{,
	title = {RIPE Atlas Architecture - How We Manage Our Probes},
	note = {, accédé le 05/04/2018}
}

@misc{how-we-manage-our-probe,
	author       = {Robert Kisteleki}, 
	title        = {{RIPE} {A}tlas {A}rchitecture - How We Manage Our Probes},
	howpublished = {URL~: \url{https://labs.ripe.net/Members/kistel/ripe-atlas-architecture-how-we-manage-our-probes}},
	year         = 2017,
	note         = { consulté le ($08/08/2018$)}
}

@misc{SamKnows,
	title        = {SamKnows},
	howpublished = {URL~: \url{https://www.samknows.com/global-platform}},
	note         = {(consulté le $23/01/2018$)}
}


@misc{probes-data,
	title        = {Les archives des détails des sondes Atlas},
	howpublished = {URL~: \url{https://ftp.ripe.net/ripe/atlas/probes/archive/}},
	note         = {(consulté le $ 28/01/2018 $)}
}


@misc{bugs-ripe-atlas,
	title        = {{RIPE} {A}tlas - {K}nown {B}ugs and {L}imitations},
	howpublished = {URL~: \url{https://atlas.ripe.net/docs/bugs/}},
	note         = {(consulté le $ 05/04/2018 $)}
}

@online{,
	ALTauthor = {},
	title = {},
	date = {},
	url = {},
	note = {}
}

@misc{pres-bgp-traceroute,
	author       = {Jelle Herold}, 
	title        = {BGP + Traceroute presentation},
	howpublished = {URL~: \url{https://labs.ripe.net/Members/becha/ripe-atlas-hackathon-presentations/bgp-traceroute}},
	year         = 2015,
	note         = {(consulté le $08/08/2018$)}
}




@online{pres-AnyAtlas,
	ALTauthor = {},
	title = {AnyAtlas (présentation)},
	date = {},
	url = {https://labs.ripe.net/Members/becha/ripe-atlas-hackathon-presentations/any-atlas},
	note = {https://labs.ripe.net/Members/becha/ripe-atlas-hackathon-presentations/any-atlas}
}

@online{ripe-atlas-anycast-work,
	ALTauthor = {},
	title = {RIPE Atlas Anycast work
	},
	date = {},
	url = {https://github.com/shane-kerr/ripe-atlas-anycast-work},
	note = {https://github.com/shane-kerr/ripe-atlas-anycast-work}
}

@online{ripe-atlas-anycast,
	ALTauthor = {},
	title = {RIPE Atlas Anycast},
	date = {},
	url = {https://github.com/tlevine/ripe-atlas-anycast},
	note = {https://github.com/tlevine/ripe-atlas-anycast}
}


@misc{Archipelago,
	title        = {{Archipelago (Ark) Measurement Infrastructure}},
	howpublished = {URL~: \url{http://www.caida.org/projects/ark/}},
	note         = {(consulté le $19/01/2018$)}
}

@INPROCEEDINGS{7987262,
	author={V. Bajpai and S. J. Eravuchira and J. Schönwälder and R. Kisteleki and E. Aben},
	booktitle={2017 IFIP/IEEE Symposium on Integrated Network and Service Management (IM)},
	title={Vantage point selection for IPv6 measurements: Benefits and limitations of RIPE Atlas tags},
	year={2017},
	volume={},
	number={},
	pages={37-44},
	keywords={transport protocols;IPv6 connectivity;IPv6 measurements;RIPE Atlas tags;dual-stacked probes;vantage point selection;Hardware;Home automation;IP networks;Internet;Jacobian matrices;Monitoring;Probes},
	doi={10.23919/INM.2017.7987262},
	ISSN={},
	month={May},}

@article{Shavitt:2005:DLI:1096536.1096546,
	author = {Shavitt, Yuval and Shir, Eran},
	title = {DIMES: Let the Internet Measure Itself},
	journal = {SIGCOMM Comput. Commun. Rev.},
	issue_date = {October 2005},
	volume = {35},
	number = {5},
	month = oct,
	year = {2005},
	issn = {0146-4833},
	pages = {71--74},
	numpages = {4},
	url = {http://doi.acm.org/10.1145/1096536.1096546},
	doi = {10.1145/1096536.1096546},
	acmid = {1096546},
	publisher = {ACM},
	address = {New York, NY, USA},
	keywords = {distributed measurements, internet topology},
} 

@online{use-built-in,
	ALTauthor = {},
	title = {Pinpointing Delay and Forwarding Anomalies Using RIPE Atlas Built-in Measurements},
	date = {},
	url = {https://labs.ripe.net/Members/romain\_fontugne/pinpointing-delay-and-forwarding-anomalies-in-ripe-atlas-built-in-measurements},
	note = {https://labs.ripe.net/Members/romain\_fontugne/pinpointing-delay-and-forwarding-anomalies-in-ripe-atlas-built-in-measurements}
}

@article{DBLP:journals/corr/FontugneAPB16,
	author    = {Romain Fontugne and
	Emile Aben and
	Cristel Pelsser and
	Randy Bush},
	title     = {Pinpointing Delay and Forwarding Anomalies Using Large-Scale Traceroute
	Measurements},
	journal   = {CoRR},
	volume    = {abs/1605.04784},
	year      = {2016},
	url       = {http://arxiv.org/abs/1605.04784},
	archivePrefix = {arXiv},
	eprint    = {1605.04784},
	timestamp = {Wed, 07 Jun 2017 14:42:36 +0200},
	biburl    = {http://dblp.org/rec/bib/journals/corr/FontugneAPB16},
	bibsource = {dblp computer science bibliography, http://dblp.org}
}

@misc{LantronixXPortPro,
	title        = {XPort Pro},
	howpublished = {URL: \url{https://www.lantronix.com/products/xport-pro/}},
	note         = {(consulté le $08/08/2018/$)}
}

@online{ ,
	ALTauthor = {},
	title = {},
	date = {},
	url = {},
	note = {}
}

@online{AMS-IX-traffic-staticstics,
	ALTauthor = {},
	title = {AMS-IX traffic staticstics},
	date = {},
	url = {},
	note = {https://ams-ix.net/technical/statistics}
}

@online{The-Seismograph-User-Guide,
	ALTauthor = {},
	title = {The Seismograph User Guide},
	date = {},
	url = {},
	note = {https://labs.ripe.net/Members/massimo\_candela/seismograph-user-guide}
}
@online{DNSMON-page,
	ALTauthor = {},
	title = { RIPE NCC DNS Monitoring Service (DNSMON) },
	date = {},
	url = {},
	note = {https://atlas.ripe.net/dnsmon/}
}




@misc{Troubleshooting-Traceroute,

	title        = {{ A Practical Guide to (Correctly)  Troubleshooting with Traceroute Troubleshooti, Richard A Steenbergen}},
	howpublished = {URL~: \url{https://www.nanog.org/meetings/nanog47/presentations/Sunday/RAS\_Traceroute\_N47\_Sun.pdf}},

	note         = {(consulté le )}
}


@inproceedings{layouni:hal-00243154,
	TITLE = {{Origine des {\'e}toiles dans traceroute}},
	AUTHOR = {Layouni, Farah and Augustin, Brice and Friedman, Timur and Teixeira, Renata},
	URL = {https://hal.archives-ouvertes.fr/hal-00243154},
	BOOKTITLE = {{Colloque Francophone sur l'Ing{\'e}nierie des Protocoles (CFIP 2008)}},
	ADDRESS = {Les Arcs, France},
	YEAR = {2008},
	MONTH = Mar,
	KEYWORDS = {{\'e}toiles ; traceroute ; mesures ; internet},
	PDF = {https://hal.archives-ouvertes.fr/hal-00243154/file/layouni2008stars.pdf},
	HAL_ID = {hal-00243154},
	HAL_VERSION = {v1},
}

@misc{France-IX,
	author       = {Emile Aben}, 
	title        = {{Looking at France-IX with RIPE Atlas and RIS}},
	howpublished = {URL~: \url{https://labs.ripe.net/Members/emileaben/looking-at-france-ix-with-ripe-atlas-and-ris}},
	year         =  2015  ,
	note         = {(consulté le $08/08/2018$)}
}

@article{DBLP:journals/corr/ShaoRDV17,
	author    = {Wenqin Shao and
	Jean{-}Louis Rougier and
	Fran{\c{c}}ois Devienne and
	Mateusz Viste},
	title     = {Missing measurements on {RIPE} Atlas},
	journal   = {CoRR},
	volume    = {abs/1701.00938},
	year      = {2017},
	url       = {http://arxiv.org/abs/1701.00938},
	archivePrefix = {arXiv},
	eprint    = {1701.00938},
	timestamp = {Wed, 07 Jun 2017 14:40:28 +0200},
	biburl    = {https://dblp.org/rec/bib/journals/corr/ShaoRDV17},
	bibsource = {dblp computer science bibliography, https://dblp.org}
}

@online{dynamoVsMongo1,
	ALTauthor = {},
	title = {  },
	date = {},
	url = {},
	note = {https://db-engines.com/en/system/Amazon+DynamoDB%3BMongoDB }
}

@online{dynamoVsMongo2,
	ALTauthor = {},
	title = {  },
	date = {},
	url = {},
	note = {https://blog.panoply.io/dynamodb-vs-mongodb }
}

@online{,
	ALTauthor = {},
	title = {},
	date = {},
	url = {, consulté le $$},
	note = {https://www.datasciencecentral.com/forum/topics/how-to-choose-an-analytic-tool }
}

@misc{27-creteria-big-data,
	author       = {Vincent Granville}, 
	title        = {{27 criteria to choose analytic tools}},
	howpublished = {URL~: \url{https://www.datasciencecentral.com/forum/topics/how-to-choose-an-analytic-tool}},
	year         = 2013,
	note         = {(consulté le $05/08/2018$)}
}



@inproceedings{Holterbach:2015:QIM:2815675.2815710,
	author = {Holterbach, Thomas and Pelsser, Cristel and Bush, Randy and Vanbever, Laurent},
	title = {Quantifying Interference Between Measurements on the RIPE Atlas Platform},
	booktitle = {Proceedings of the 2015 Internet Measurement Conference},
	series = {IMC '15},
	year = {2015},
	isbn = {978-1-4503-3848-6},
	location = {Tokyo, Japan},
	pages = {437--443},
	numpages = {7},
	url = {http://doi.acm.org/10.1145/2815675.2815710},
	doi = {10.1145/2815675.2815710},
	acmid = {2815710},
	publisher = {ACM},
	address = {New York, NY, USA},
	keywords = {ripe atlas platform},
}




@misc{RIPE-Atlas-Raw-data,
	author       = {RIPE NCC Atlas}, 
	title        = {{RIPE Atlas - Raw data structure documentation}},
	howpublished = {URL~: \url{https://atlas.ripe.net/docs/data_struct/}},
	note         = {(consulté le $04/08/2018$)}
}

@article{Big-Data-Tools-An-Overview,
author = {Ramadan, Rabie},
year = {2017},
month = {12},
pages = {},
title = {Big Data Tools-An Overview},
volume = {2},
booktitle = {International Journal of Computer Science and Software Engineering}

}

@INPROCEEDINGS{6567202,
	author={S. Sagiroglu and D. Sinanc},
	booktitle={2013 International Conference on Collaboration Technologies and Systems (CTS)},
	title={Big data: A review},
	year={2013},
	volume={},
	number={},
	pages={42-47},
	keywords={data analysis;data privacy;data storage;data analysis;data visualization;big data content;big data scope;big data sample;big data method;big data advantage;big data challenge;big data privacy;Data storage systems;Information management;Data handling;Security;Organizations;Data models;big data;volume;variety;velocity;verification;value},
	doi={10.1109/CTS.2013.6567202},
	ISSN={},
	month={May},}


@book{anil-big-data,
	author = {Anil Maheshwari},
	title = {Big Data},
	date = {2017},
	OPTeditor = {McGraw-Hill Education},
	OPTpages = {279}
}


A heuristic towards measuring the link level asymmetry (https://pdfs.semanticscholar.org/6afe/a3ba78b485a065562fdd22051bc0349a0f37.pdf)
https://www.nanog.org/meetings/nanog47/presentations/Sunday/RAS_Traceroute_N47_Sun.pdfhttps://www.nanog.org/meetings/nanog47/presentations/Sunday/RAS_Traceroute_N47_Sun.pdf
